<record xmlns='http://www.loc.gov/MARC21/slim'><leader>01861ctmaa2200373Ia 4500</leader><controlfield tag='001'>5124631</controlfield><controlfield tag='005'>20200923213110.0</controlfield><controlfield tag='008'>070221s1888    xx            000 0 ara d</controlfield><datafield ind1=' ' ind2=' ' tag='035'><subfield code='a'>(OCoLC)ocn605037782</subfield></datafield><datafield ind1=' ' ind2=' ' tag='035'><subfield code='a'>5124631</subfield></datafield><datafield ind1=' ' ind2=' ' tag='040'><subfield code='a'>PUL</subfield><subfield code='c'>PUL</subfield><subfield code='e'>amremm</subfield></datafield><datafield ind1=' ' ind2=' ' tag='066'><subfield code='c'>(3</subfield></datafield><datafield ind1=' ' ind2=' ' tag='035'><subfield code='a'>(OCoLC)605037782</subfield></datafield><datafield ind1='1' ind2=' ' tag='100'><subfield code='6'>880-01</subfield><subfield code='a'>Abū al-Hudá al-Ṣayyādī, Muḥammad ibn Ḥasan Wādī,</subfield><subfield code='d'>1849 or 1850-1910 or 1911.</subfield><subfield code='0'>http://id.loc.gov/authorities/names/nr89017698</subfield></datafield><datafield ind1='1' ind2='0' tag='245'><subfield code='6'>880-02</subfield><subfield code='a'>Ghunyat al-ṭālibīn fī īḍāḥ ṭarīq al-mashāyikh al-ʻārifīn /</subfield><subfield code='c'>li-Abī al-Hudá.</subfield></datafield><datafield ind1=' ' ind2=' ' tag='260'><subfield code='c'>[1888]</subfield></datafield><datafield ind1=' ' ind2=' ' tag='300'><subfield code='a'>101 leaves :</subfield><subfield code='b'>paper ;</subfield><subfield code='c'>233 x 155 (180 x 94) mm. bound to 233 x 156 mm.</subfield></datafield><datafield ind1=' ' ind2=' ' tag='500'><subfield code='a'>Ms. codex.</subfield></datafield><datafield ind1=' ' ind2=' ' tag='500'><subfield code='a'>Title from fol. 1a.</subfield></datafield><datafield ind1=' ' ind2=' ' tag='500'><subfield code='a'>Physical description: 25 lines per page; written in naskhi script in black on modern glossy brown paper. Rubrication and catchwords. Some insect damage, but text unaffected.</subfield></datafield><datafield ind1=' ' ind2=' ' tag='500'><subfield code='a'>Origin: Completed 29 Dhū al-Qaʻdah 1305 AH (7 August 1888) (fol. 100b).</subfield></datafield><datafield ind1='8' ind2=' ' tag='520'><subfield code='a'>An extensive work on Sufism, followed by a poem on fol. 101a. Likely unique.</subfield></datafield><datafield ind1=' ' ind2=' ' tag='530'><subfield code='a'>Also available in an electronic version.</subfield></datafield><datafield ind1=' ' ind2=' ' tag='541'><subfield code='c'>Purchase;</subfield><subfield code='a'>Worldwide Antiquarian,</subfield><subfield code='d'>2007/3/1</subfield><subfield code='e'>(2007-80).</subfield></datafield><datafield ind1=' ' ind2=' ' tag='546'><subfield code='a'>Arabic.</subfield></datafield><datafield ind1=' ' ind2=' ' tag='563'><subfield code='a'>Contemporary quarter morocco with flap.</subfield></datafield><datafield ind1=' ' ind2='0' tag='650'><subfield code='a'>Sufism.</subfield><subfield code='0'>http://id.loc.gov/authorities/subjects/sh85129660</subfield></datafield><datafield ind1=' ' ind2='7' tag='655'><subfield code='a'>Manuscripts, Arabic</subfield><subfield code='y'>19th century.</subfield><subfield code='2'>lcsh</subfield></datafield><datafield ind1='4' ind2='1' tag='856'><subfield code='u'>http://arks.princeton.edu/ark:/88435/v692t954p</subfield></datafield><datafield ind1='1' ind2=' ' tag='880'><subfield code='6'>100-01/(3/r</subfield><subfield code='a'>ابو الهدى الصيادي، محمد بن حسن وادي.</subfield></datafield><datafield ind1='1' ind2='0' tag='880'><subfield code='6'>245-02/(3/r</subfield><subfield code='a'>غنية الطالبين في ايضاح طريق المشايخ العارفين /</subfield><subfield code='c'>لابي الهدى.</subfield></datafield><datafield ind1=' ' ind2=' ' tag='904'><subfield code='a'>twm</subfield><subfield code='b'>o</subfield><subfield code='h'>n</subfield><subfield code='c'>a</subfield><subfield code='e'>20070221</subfield></datafield><datafield ind1=' ' ind2=' ' tag='999'><subfield code='a'>5124631</subfield></datafield><datafield ind1=' ' ind2=' ' tag='902'><subfield code='a'>des</subfield><subfield code='b'>o</subfield><subfield code='6'>t</subfield><subfield code='7'>m</subfield><subfield code='d'>a</subfield><subfield code='f'>0</subfield><subfield code='e'>20100408</subfield></datafield><datafield ind1='8' ind2='0' tag='852'><subfield code='0'>5318490</subfield><subfield code='b'>hsvm</subfield><subfield code='h'>Islamic Manuscripts, Third Series no. 616</subfield></datafield><datafield ind1='8' ind2=' ' tag='852'><subfield code='0'>10444490</subfield><subfield code='b'>elf1</subfield><subfield code='h'>Electronic Resource</subfield></datafield><datafield ind1=' ' ind2=' ' tag='959'><subfield code='a'>2007-02-21 16:02:06 +0000</subfield></datafield></record>
